<?xml version="1.0" encoding="UTF-8"?><collection xmlns="http://www.loc.gov/MARC21/slim"><record><leader>00404nam--2200157-i-4500</leader><controlfield tag="001">000029688</controlfield><controlfield tag="002">20161230</controlfield><controlfield tag="005">20170107015350</controlfield><controlfield tag="008">060222s1000------------r-----000-0-eng-d</controlfield><datafield ind1=" " ind2=" " tag="080"><subfield code="a">539.1(031)=945.11:621.039(031)=945.11</subfield></datafield><datafield ind1=" " ind2=" " tag="100"><subfield code="a">J©Łnossy, Lajos</subfield></datafield><datafield ind1=" " ind2=" " tag="245"><subfield code="a">Atommaglexikon</subfield></datafield><datafield ind1=" " ind2=" " tag="260"><subfield code="a">Budapest</subfield><subfield code="b">Akad©♭miai Kiad©đ</subfield><subfield code="c">1963</subfield></datafield><datafield ind1=" " ind2=" " tag="300"><subfield code="a">453 p. +fig</subfield></datafield><datafield ind1=" " ind2=" " tag="852"><subfield code="a">D.603</subfield></datafield><datafield ind1=" " ind2=" " tag="CAT"><subfield code="a">SYS</subfield><subfield code="c">20170107</subfield><subfield code="h">015350</subfield></datafield></record></collection>